@Book{goldsmith2005wireless,
  author    = {Goldsmith, Andrea},
  publisher = {Cambridge university press},
  title     = {Wireless communications},
  year      = {2005},
}

@Book{ziemer2006principles,
  author    = {Ziemer, Rodger and Tranter, William H},
  publisher = {John Wiley \& Sons},
  title     = {Principles of communications: system modulation and noise},
  year      = {2006},
}

@Article{Readme_Matlab_Platform,
  author = {Juei-Chin Shen},
  title  = {Readme\_Matlab\_Platform},
  year   = {2023},
}

@Article{FDMOFDM1,
  author = {Mr DaYang},
  title  = {圖文並茂—FDM、OFDM的差別及優缺點、調制解調過程},
  year   = {2020},
  url    = {https://blog.csdn.net/m0_46204224/article/details/106100857},
}

@Article{FDMOFDM2,
  author = {NicDino},
  title  = {OFDM技術FDM技術區別},
  year   = {2019},
  url    = {https://www.zhihu.com/question/20606092/answer/15809411},
}

@Article{InsideWirelessQAM1,
  author = {RF elements s.r.o.},
  title  = {Inside Wireless: QAM modulation (Quadrature Amplitude Modulation)},
  year   = {2020},
  url    = {https://www.youtube.com/watch?v=IbUflaeJcU8&t=1s},
}

@Article{InsideWirelessQAM2,
  author  = {RF elements s.r.o.},
  journal = {Inside Wireless: QAM modulation II - The Modulator},
  year    = {2021},
  url     = {https://www.youtube.com/watch?v=YnWCRUoTEAI&t=134s},
}

@Article{HD10_正交振幅調變00583,
  author = {Dr. J Class},
  title  = {HD10\_正交振幅調變00583},
  year   = {2017},
  url    = {https://www.youtube.com/watch?v=54-6ivM8E9c0&t=49s},
}

@Article{WhatIsQAM?,
  author = {Huawei},
  title  = {What Is QAM? How Does QAM Work?},
  year   = {2021},
  url    = {https://forum.huawei.com/enterprise/en/What-Is-QAM-How-Does-QAM-Work/thread/667247322570047488-667213855346012160},
}

@Article{RayleighfadingandRicianFading,
  author = {AKH},
  title  = {Rayleigh fading and Rician Fading Explained with Cricket Analogy},
  year   = {2021},
  url    = {https://www.youtube.com/watch?app=desktop&v=XWFpou6_xbU},
}

@Article{WhatisISinLTE?,
  author = {Leonardo Zanoni Pedrini},
  title  = {What is ISI (Inter Symbol Interference) in LTE?},
  year   = {2014},
  url    = {https://www.telecomhall.net/t/what-is-isi-inter-symbol-interference-in-lte/6370},
}

@Article{可對角化矩陣的譜分解,
  author = {ccjou},
  title  = {可對角化矩陣的譜分解},
  year   = {2010},
  url    = {https://ccjou.wordpress.com/2010/08/23/可對角化矩陣的譜分解/},
}

@Article{OFDM正交分頻多工系統1,
  author = {DareError},
  title  = {OFDM, 正交分頻多工系統 (1): Modulation, 調變},
  year   = {2021},
  url    = {https://www.youtube.com/watch?v=FJq54Y8gy9Q&t=764s},
}

@Article{OFDM正交分頻多工系統2,
  author = {DareError},
  title  = {OFDM, 正交分頻多工系統 (2): one-tap equalizer, 一階等化器},
  year   = {2021},
  url    = {https://www.youtube.com/watch?v=o4eB4BwVIJI},
}

@InCollection{zhu20213gpp,
  author    = {Zhu, Qiuming and Wang, Cheng-Xiang and Hua, Boyu and Mao, Kai and Jiang, Shan and Yao, Mengtian},
  booktitle = {the wiley 5G Ref: the essential 5G reference online},
  publisher = {Wiley Press Hoboken, NJ, USA},
  title     = {3GPP TR 38.901 channel model},
  year      = {2021},
  pages     = {1--35},
}

@Book{rappaport2024wireless,
  author    = {Rappaport, Theodore S},
  publisher = {Cambridge University Press},
  title     = {Wireless communications: principles and practice},
  year      = {2024},
}

@InProceedings{jana2023sensing,
  author       = {Jana, Sandip and Mishra, Amit Kumar and Khan, Mohammed Zafar Ali},
  booktitle    = {2023 IEEE Applied Sensing Conference (APSCON)},
  title        = {Sensing the environment with 5g scattered signals (5g-commsense): A feasibility analysis},
  year         = {2023},
  organization = {IEEE},
  pages        = {1--3},
}

@Article{zheng2002improved,
  author    = {Zheng, Yahong R and Xiao, Chengshan},
  journal   = {IEEE Communications letters},
  title     = {Improved models for the generation of multiple uncorrelated Rayleigh fading waveforms},
  year      = {2002},
  number    = {6},
  pages     = {256--258},
  volume    = {6},
  publisher = {IEEE},
}

@Comment{jabref-meta: databaseType:bibtex;}
